@misc{security-onion-docs,
  author       = {Security Onion Solutions},
  title        = {The official documentation},
  note         = {\url{https://docs.securityonion.net/en/2.4/}},
  keywords     = {security-onion,docs},
  year         = 2023,
  howpublished = {Visited on 11th May 2024}
}

@misc{qemu,
  author       = {QEMU},
  title        = {The official website},
  note         = {\url{https://www.qemu.org/}},
  keywords     = {qemu,virtualizer,emulator},
  year         = 2024,
  howpublished = {Visited on 11th May 2024}
}

@misc{kvm,
  author       = {KVM},
  title        = {The official website},
  note         = {\url{https://linux-kvm.org/page/Main_Page}},
  keywords     = {qemu,virtualizer,module},
  year         = 2024,
  howpublished = {Visited on 11th May 2024}
}

@misc{latex-project,
  author       = {The LaTeX Group},
  title        = {The official website},
  note         = {\url{https://www.latex-project.org/}},
  keywords     = {latex,typesetting,writing},
  year         = 2022,
  howpublished = {Visited on 11th May 2024}
}